<record><leader>00000cas a22000007a 4500</leader><controlfield tag="001">11229514</controlfield><controlfield tag="008">841004d18501853ohudn ne      0    0eng d</controlfield><controlfield tag="009">3770</controlfield><datafield ind1=" " ind2=" " tag="010"><subfield code="a">sn 84024210 </subfield></datafield><datafield ind1=" " ind2=" " tag="040"><subfield code="a">NPV</subfield><subfield code="b">eng</subfield><subfield code="c">NPV</subfield><subfield code="d">NPX</subfield><subfield code="d">OCL</subfield><subfield code="d">DLC</subfield><subfield code="d">ONP</subfield><subfield code="d">OCLCQ</subfield></datafield><datafield ind1=" " ind2=" " tag="019"><subfield code="a">11229765</subfield></datafield><datafield ind1="1" ind2=" " tag="029"><subfield code="a">AU@</subfield><subfield code="b">000023745163</subfield></datafield><datafield ind1=" " ind2=" " tag="042"><subfield code="a">msc</subfield></datafield><datafield ind1="0" ind2="0" tag="245"><subfield code="a">Daily Dayton gazette.</subfield></datafield><datafield ind1=" " ind2=" " tag="260"><subfield code="a">Dayton, Ohio :</subfield><subfield code="b">H.D. Stout,</subfield><subfield code="c">1850-1853.</subfield></datafield><datafield ind1=" " ind2=" " tag="300"><subfield code="a">v. :</subfield><subfield code="b">ill. (chiefly adv.) ;</subfield><subfield code="c">57 cm.</subfield></datafield><datafield ind1=" " ind2=" " tag="310"><subfield code="a">Daily (except Sun.)</subfield></datafield><datafield ind1="0" ind2=" " tag="362"><subfield code="a">Vol. 1, no. 1 (Oct. 29, 1850)-v. 3, no. 93 (Feb. 12, 1853).</subfield></datafield><datafield ind1=" " ind2=" " tag="500"><subfield code="a">Editor: D.W. Iddings, &lt;1852&gt;.</subfield></datafield><datafield ind1=" " ind2=" " tag="500"><subfield code="a">Publishers: N. Sullivan &amp; Co., &lt;1851&gt;; Garst, Dubois &amp; Co., &lt;1852&gt;.</subfield></datafield><datafield ind1=" " ind2=" " tag="752"><subfield code="a">United States</subfield><subfield code="b">Ohio</subfield><subfield code="c">Montgomery</subfield><subfield code="d">Dayton.</subfield></datafield><datafield ind1="0" ind2=" " tag="775"><subfield code="a">Dayton weekly gazette</subfield><subfield code="w">(DLC)sn 85026003</subfield></datafield><datafield ind1="0" ind2="0" tag="780"><subfield code="t">Daily Dayton transcript</subfield><subfield code="w">(DLC)sn 84028875</subfield></datafield><datafield ind1="0" ind2="0" tag="785"><subfield code="t">Dayton daily gazette</subfield><subfield code="w">(DLC)sn 88077232</subfield></datafield></record>